
@article{Schachat2020,
  title={Are insects heading toward their first mass extinction? Distinguishing turnover from crises in their fossil record},
  author={Schachat, Sandra R and Labandeira, Conrad C},
  journal={Annals of the Entomological Society of America},
  volume={114},
  number={2},
  pages={99--118},
  year={2021},
  publisher={Oxford University Press US}
}

@article{Brown1827,
  title={XXVII. A brief account of microscopical observations made in the months of June, July and August 1827, on the particles contained in the pollen of plants; and on the general existence of active molecules in organic and inorganic bodies},
  author={Brown, Robert},
  journal={The philosophical magazine},
  volume={4},
  number={21},
  pages={161--173},
  year={1828},
  publisher={Taylor \& Francis}
}

@article{Einstein1905,
  title={{\"U}ber die von der molekularkinetischen Theorie der W{\"a}rme geforderte Bewegung von in ruhenden Fl{\"u}ssigkeiten suspendierten Teilchen},
  author={Einstein, Albert},
  journal={Annalen der Physik},
  volume={4},
  year={1905}
}

@article{Smoluchowski1924,
  title={Sur le chemin moyen parcouru par les mol{\'e}cules d'un gaz et sur son rapport avec la th{\'e}orie de la diffusion},
  author={Smoluchowski, Marian},
  journal={Pisma Mariana Smoluchowskiego},
  volume={1},
  number={1},
  pages={479--489},
  year={1924}
}

@article{Langevin1908,
  title={Sur la th{\'e}orie du mouvement brownien},
  author={Langevin, Paul},
  journal={Compt. Rendus},
  volume={146},
  pages={530--533},
  year={1908}
}

@article{Kengyel2015,
  author =   {Kengyel, Daniela},
  title =    {Potential of heterogeneity in collective behaviors: A case study on heterogeneous swarms},
  journal =  {Lect. Notes Comput. Sci. 9387},
  year =     2015
}

@article{Lindner2008,
  title={Diffusion in different models of active Brownian motion},
  author={Lindner, B and Nicola, EM},
  journal={The European Physical Journal Special Topics},
  volume={157},
  number={1},
  pages={43--52},
  year={2008},
  publisher={Springer}
}

@article{Tseng2002,
  title={Micromechanical mapping of live cells by multiple-particle-tracking microrheology},
  author={Tseng, Yiider and Kole, Thomas P and Wirtz, Denis},
  journal={Biophysical journal},
  volume={83},
  number={6},
  pages={3162--3176},
  year={2002},
  publisher={Elsevier}
}

@article{Guerrero2010,
  title={Conductance in Co/Al 2 O 3/Si/Al 2 O 3 Permalloy with asymmetrically doped barrier},
  author={Guerrero, R and Aliev, FG and Villar, R and Santos, T and Moodera, Jagadeesh and Dugaev, VK and Barna{\'s}, J},
  journal={Physical Review B},
  volume={81},
  number={1},
  pages={014404},
  year={2010},
  publisher={APS}
}

@inproceedings{Leyris2006,
  title={Impact of random telegraph signal in CMOS image sensors for low-light levels},
  author={Leyris, C and Martinez, Fr{\'e}d{\'e}ric and Valenza, M and Hoffmann, A and Vildeuil, JC and Roy, F},
  booktitle={2006 Proceedings of the 32nd European Solid-State Circuits Conference},
  pages={376--379},
  year={2006},
  organization={IEEE}
}

@article{Xiong2007,
  title={Random telegraph signals in n-type ZnO nanowire field effect transistors at low temperature},
  author={Xiong, Hao D and Wang, Wenyong and Li, Qiliang and Richter, Curt A and Suehle, John S and Hong, Woong-Ki and Lee, Takhee and Fleetwood, Daniel M},
  journal={Applied Physics Letters},
  volume={91},
  number={5},
  pages={053107},
  year={2007},
  publisher={American Institute of Physics}
}

@article{Machlup1954,
  title={Noise in semiconductors: spectrum of a two-parameter random signal},
  author={Machlup, Stefan},
  journal={Journal of Applied Physics},
  volume={25},
  number={3},
  pages={341--343},
  year={1954},
  publisher={American Institute of Physics}
}

@article{Milstein2009,
  title={Neuronal shot noise and Brownian 1/f2 behavior in the local field potential},
  author={Milstein, Joshua and Mormann, Florian and Fried, Itzhak and Koch, Christof},
  journal={PloS one},
  volume={4},
  number={2},
  pages={e4338},
  year={2009},
  publisher={Public Library of Science San Francisco, USA}
}

@inproceedings{Puglisi2016,
  title={Random telegraph noise analysis as a tool to link physical device features to electrical reliability in nanoscale devices},
  author={Puglisi, Francesco Maria},
  booktitle={2016 IEEE International Integrated Reliability Workshop (IIRW)},
  pages={13--17},
  year={2016},
  organization={IEEE}
}

@article{Dewey1992,
  title={Protein dynamics and 1/f noise},
  author={Dewey, T Gregory and Bann, James G},
  journal={Biophysical journal},
  volume={63},
  number={2},
  pages={594--598},
  year={1992},
  publisher={Elsevier}
}

@article{Clay1976,
  title={Theoretical model of the ionic mechanism of 1/f noise in nerve membrane},
  author={Clay, John R and Shlesinger, Michael F},
  journal={Biophysical Journal},
  volume={16},
  number={2},
  pages={121--136},
  year={1976},
  publisher={Elsevier}
}
 
@article{Milotti1995,
  title={Linear processes that produce 1/f or flicker noise},
  author={Milotti, Edoardo},
  journal={Physical Review E},
  volume={51},
  number={4},
  pages={3087},
  year={1995},
  publisher={APS}
}

@article{Wiener1930,
  title={Generalized harmonic analysis},
  author={Wiener, Norbert},
  journal={Acta mathematica},
  volume={55},
  number={1},
  pages={117--258},
  year={1930},
  publisher={Springer}
}

@article{Khintchine1934,
  title={Korrelationstheorie der station{\"a}ren stochastischen Prozesse},
  author={Khintchine, Alexander},
  journal={Mathematische Annalen},
  volume={109},
  number={1},
  pages={604--615},
  year={1934},
  publisher={Springer}
}

@article{LiZhao2012,
  title={On 1/f Noise.},
  author={Li, Ming and Zhao, Wei},
  journal={Mathematical Problems in Engineering},
  volume={2012},
  year={2012}
}

@article{Metzler2000,
  title={The random walk's guide to anomalous diffusion: a fractional dynamics approach},
  author={Metzler, Ralf and Klafter, Joseph},
  journal={Physics reports},
  volume={339},
  number={1},
  pages={1--77},
  year={2000},
  publisher={Elsevier}
}

@article{Mousavi2017,
  title={Stochastic analysis of time series for the spatial positions of particles trapped in optical tweezers},
  author={Mousavi, SM and Reihani, SN and Anvari, G and Anvari, M and Alinezhad, HG and Tabar, M},
  journal={Scientific Reports},
  volume={7},
  number={1},
  pages={1--11},
  year={2017},
  publisher={Nature Publishing Group}
}

@article{Cherstvy2021,
  title={Anomalous diffusion, nonergodicity, and ageing for exponentially and logarithmically time-dependent diffusivity: striking differences for massive versus massless particles},
  author={Cherstvy, Andrey G and Safdari, Hadiseh and Metzler, Ralf},
  journal={Journal of Physics D: Applied Physics},
  volume={54},
  number={19},
  pages={195401},
  year={2021},
  publisher={IOP Publishing}
}

@article{heran1952,
  title={Untersuchungen {\"u}ber den Temperatursinn der Honigbiene (Apis mellifica) unter besonderer Ber{\"u}cksichtigung der Wahrnehmung strahlender W{\"a}rme},
  author={Heran, Herbert},
  journal={Zeitschrift f{\"u}r vergleichende Physiologie},
  volume={34},
  number={2},
  pages={179--206},
  year={1952},
  publisher={Springer}
}

@article{nouvian2019,
  title={Aversive training of honey bees in an automated Y-maze},
  author={Nouvian, Morgane and Galizia, C Giovanni},
  journal={Frontiers in physiology},
  pages={678},
  year={2019},
  publisher={Frontiers}
}

@article{baracchi2014,
  title={A socio-spatial combined approach confirms a highly compartmentalised structure in honeybees},
  author={Baracchi, David and Cini, Alessandro},
  journal={Ethology},
  volume={120},
  number={12},
  pages={1167--1176},
  year={2014},
  publisher={Wiley Online Library}
}

@article{mengoni2018,
  title={Impaired associative learning after chronic exposure to pesticides in young adult honey bees},
  author={Mengoni Go{\~n}alons, Carolina and Farina, Walter M},
  journal={Journal of Experimental Biology},
  volume={221},
  number={7},
  pages={jeb176644},
  year={2018},
  publisher={The Company of Biologists Ltd}
}

@article{petz2004,
  title={Respiration of individual honeybee larvae in relation to age and ambient temperature},
  author={Petz, Markus and Stabentheiner, Anton and Crailsheim, Karl},
  journal={Journal of Comparative Physiology B},
  volume={174},
  number={7},
  pages={511--518},
  year={2004},
  publisher={Springer}
}

@article{de2007,
  title={Cellular dynamics of EGF receptor--targeted synthetic viruses},
  author={De Bruin, Karla and Ruthardt, Nadia and Von Gersdorff, Katharina and Bausinger, Ralf and Wagner, Ernst and Ogris, Manfred and Br{\"a}uchle, Christoph},
  journal={Molecular Therapy},
  volume={15},
  number={7},
  pages={1297--1305},
  year={2007},
  publisher={Elsevier}
}

@article{fonio2009,
  title={Freedom of movement and the stability of its unfolding in free exploration of mice},
  author={Fonio, Ehud and Benjamini, Yoav and Golani, Ilan},
  journal={Proceedings of the National Academy of Sciences},
  volume={106},
  number={50},
  pages={21335--21340},
  year={2009},
  publisher={National Acad Sciences}
}

@article{tao2019,
  title={Statistical structure of locomotion and its modulation by odors},
  author={Tao, Liangyu and Ozarkar, Siddhi and Beck, Jeffrey M and Bhandawat, Vikas},
  journal={Elife},
  volume={8},
  pages={e41235},
  year={2019},
  publisher={eLife Sciences Publications Limited}
}

@article{ravbar2019,
  title={An automatic behavior recognition system classifies animal behaviors using movements and their temporal context},
  author={Ravbar, Primoz and Branson, Kristin and Simpson, Julie H},
  journal={Journal of neuroscience methods},
  volume={326},
  pages={108352},
  year={2019},
  publisher={Elsevier}
}

@article{valente2007,
  title={Analysis of the trajectory of Drosophila melanogaster in a circular open field arena},
  author={Valente, Dan and Golani, Ilan and Mitra, Partha P},
  journal={PloS one},
  volume={2},
  number={10},
  pages={e1083},
  year={2007},
  publisher={Public Library of Science San Francisco, USA}
}

@article{connolly1967,
  title={Locomotor activity in Drosophila III. A distinction between activity and reactivity},
  author={Connolly, Kevin},
  journal={Animal behaviour},
  volume={15},
  number={1},
  pages={149--152},
  year={1967},
  publisher={Elsevier}
}

@article{ben2009,
  title={Molecular and sensory basis of a food related two-state behavior in C. elegans},
  author={Ben Arous, Juliette and Laffont, Sophie and Chatenay, Didier},
  journal={PloS one},
  volume={4},
  number={10},
  pages={e7584},
  year={2009},
  publisher={Public Library of Science San Francisco, USA}
}

@article{ruthardt2011,
  title={Single-particle tracking as a quantitative microscopy-based approach to unravel cell entry mechanisms of viruses and pharmaceutical nanoparticles},
  author={Ruthardt, Nadia and Lamb, Don C and Br{\"a}uchle, Christoph},
  journal={Molecular therapy},
  volume={19},
  number={7},
  pages={1199--1211},
  year={2011},
  publisher={Elsevier}
}

@article{johnson2013,
  title={Single particle tracking analysis of the chloroplast division protein FtsZ anchoring to the inner envelope membrane},
  author={Johnson, Carol B and Tang, Leung K and Smith, Aaron G and Ravichandran, Akshaya and Luo, Zhiping and Vitha, Stanislav and Holzenburg, Andreas},
  journal={Microscopy and Microanalysis},
  volume={19},
  number={3},
  pages={507--512},
  year={2013},
  publisher={Cambridge University Press}
}

@article{de2014,
  title={How superdiffusion gets arrested: ecological encounters explain shift from L{\'e}vy to Brownian movement},
  author={De Jager, Monique and Bartumeus, Frederic and K{\"o}lzsch, Andrea and Weissing, Franz J and Hengeveld, Geerten M and Nolet, Bart A and Herman, Peter MJ and Van de Koppel, Johan},
  journal={Proceedings of the Royal Society B: Biological Sciences},
  volume={281},
  number={1774},
  pages={20132605},
  year={2014},
  publisher={The Royal Society}
}

@inproceedings{radspieler2009,
  title={Individual based modelling of temperature induced aggregation behavior},
  author={Radspieler, G and Thenius, R and Schmickl, T},
  booktitle={MATHMOD 2009-6th Vienna International Conference on Mathematical Modelling},
  year={2009}
}

@inproceedings{schmickl2007,
  title={Individual adaptation allows collective path-finding in a robotic swarm},
  author={Schmickl, Thomas and M{\"o}slinger, Ch and Thenius, Ronald and Crailsheim, Karl},
  booktitle={International Journal of Factory Automation, Robotics and Soft Computing},
  year={2007},
  organization={Citeseer}
}

@article{szopek2013,
  title={Dynamics of collective decision making of honeybees in complex temperature fields},
  author={Szopek, Martina and Schmickl, Thomas and Thenius, Ronald and Radspieler, Gerald and Crailsheim, Karl},
  journal={PloS one},
  volume={8},
  number={10},
  pages={e76250},
  year={2013},
  publisher={Public Library of Science San Francisco, USA}
}